\@book{gost19402,
	address = "М.",
	publisher = "Стандартинформ",
	title = "ГОСТ 19.402-78. ЕСПД. Описание программы.",
	year = "1978"
}