\@book{gost19201,
	address = "М.",
	publisher = "Стандартинформ",
	title = "ГОСТ 19.201-78. ЕСПД. Техническое задание. Требования к содержанию и оформлению",
	year = "1978"
}