\@book{gost19301,
	address = "М.",
	publisher = "Стандартинформ",
	title = "ГОСТ 19.301-79. ЕСПД. Программа и методика испытаний. Требования к содержанию и оформлению",
	year = "1979"
}