\@book{gost19505,
	address = "М.",
	publisher = "Стандартинформ",
	title = "ГОСТ 19.505-79. ЕСПД. Руководство оператора. Требования к содержанию и оформлению",
	year = "1979"
}