\@book{gost19502,
	address = "М.",
	publisher = "Стандартинформ",
	title = "ГОСТ 19.502-78. ЕСПД. Описание применения. Требования к содержанию и оформлению",
	year = "19789"
}