\@book{gost19503,
	address = "М.",
	publisher = "Стандартинформ",
	title = "ГОСТ 19.503-79. ЕСПД. Руководство системного программиста. Требования к содержанию и оформлению",
	year = "1979"
}