\@book{gost19404,
	address = "М.",
	publisher = "Стандартинформ",
	title = "ГОСТ 19.404-79. ЕСПД. Пояснительная записка. Требования к содержанию и оформлению",
	year = "1979"
}