\@book{gost19106,
	address = "М.",
	publisher = "Стандартинформ",
	title = "ГОСТ 19.106-78. ЕСПД. Требования к программным документам, выполненным печатным способом.",
	year = "2005"
}
\@book{Afanasyev92,
	author = "Афанасьев, В. В. and Василевский, О. Н.",
	title = "Расчеты электрических цепей на программируемых микрокалькуляторах",
	address = "М.",
	publisher = "Энергоиздат",
	year = "1992",
	pagetotal = "190",
	language = "russian"
}
\@article{Malikov92,
	author	= "Меликов, А. З. and Пономаренко, Л. А.",
	title = "Оптимизация цифровой сети интегрального обслуживания с конечным числом пользователей и блокировками",
	journal	= "Автоматика и телемеханика",
	year = "1992",
	number = "6",
	pages = "34--38",
	language = "russian"
}
\@article{art33,
	author = "Kotelnikov, Igor",
	volume = "101",
	number = "6",
	journal	= "Phys. Rev. Lett.",
	month = "Aug",
	pagetotal = "4",
	title = "Admissible Equilibria of Non-neutral Plasmas in a Malmberg-Penning Trap",
	year = "2008",
	issue = "8",	
	publisher = "American Physical Society",
	pages = "085006",
	language = "english"	
}